@article { ufdist09,
    author = {Manne, Fredrik and Patwary, Md. Mostofa Ali},
    year = {2009},
    month = {09},
    pages = {186-195},
    title = {A Scalable Parallel Union-Find Algorithm for Distributed Memory Computers},
    howpublished = "\url{http://www.ii.uib.no/~fredrikm/fredrik/papers/PPAM2009.pdf}",
}
@article { ufexp10,
    title = {Experiments on Union-Find Algorithms for the Disjoint-Set Data Structure},
    author = {Md. Mostofa Ali Patwary and Jean R. S. Blair and Fredrik Manne},
    booktitle = {SEA},
    year = {2010},
    howpublished = "\url{http://www.ii.uib.no/~fredrikm/fredrik/papers/SEA2010.pdf}",
}
